
@misc{flask,
  author       = {{Pallets Projects}},
  title        = {Flask Documentation},
  year         = {2025},
  note         = {\url{https://flask.palletsprojects.com/}, Accedido el 5 de agosto de 2025}
}

@misc{bootstrap,
  author       = {{The Bootstrap Authors}},
  title        = {Bootstrap Documentation},
  year         = {2025},
  note         = {\url{https://getbootstrap.com/docs/}, Accedido el 5 de agosto de 2025}
}

@misc{mysql,
  author       = {{Oracle Corporation}},
  title        = {MySQL Documentation},
  year         = {2025},
  note         = {\url{https://dev.mysql.com/doc/}, Accedido el 5 de agosto de 2025}
}

@misc{pip,
  author       = {{Python Packaging Authority}},
  title        = {pip Documentation},
  year         = {2025},
  note         = {\url{https://pip.pypa.io/en/stable/}, Accedido el 5 de agosto de 2025}
}

@misc{vscode,
  author       = {{Microsoft}},
  title        = {Visual Studio Code Documentation},
  year         = {2025},
  note         = {\url{https://code.visualstudio.com/docs}, Accedido el 5 de agosto de 2025}
}

@misc{zed,
  author       = {{Zed Industries}},
  title        = {Zed Editor Documentation},
  year         = {2025},
  note         = {\url{https://zed.dev/docs}, Accedido el 5 de agosto de 2025}
}

@misc{nodejs,
  author       = {{OpenJS Foundation}},
  title        = {Node.js Documentation},
  year         = {2025},
  note         = {\url{https://nodejs.org/en/docs}, Accedido el 5 de agosto de 2025}
}

@misc{npm,
  author       = {{npm, Inc.}},
  title        = {npm Documentation},
  year         = {2025},
  note         = {\url{https://docs.npmjs.com/}, Accedido el 5 de agosto de 2025}
}
